<?xml version="1.0" encoding="UTF-8"?>
<AuditFile xmlns="mfp:anaf:dgti:d406t:declaratie:v1">
  <Header>
    <AuditFileVersion>2.0</AuditFileVersion>
    <AuditFileCountry>RO</AuditFileCountry>
    <AuditFileDateCreated>2026-07-17</AuditFileDateCreated>
    <SoftwareCompanyName>anafpy</SoftwareCompanyName>
    <SoftwareID>anafpy</SoftwareID>
    <SoftwareVersion>0.1</SoftwareVersion>
    <Company>
      <RegistrationNumber>RO88888808</RegistrationNumber>
      <Name>TEST SRL</Name>
      <Address>
        <StreetName>Str. Exemplu nr. 1</StreetName>
        <City>Bucuresti</City>
        <PostalCode>010101</PostalCode>
        <Country>RO</Country>
        <AddressType>StreetAddress</AddressType>
      </Address>
      <Contact>
        <ContactPerson>
          <FirstName>Ion</FirstName>
          <LastName>Popescu</LastName>
        </ContactPerson>
        <Telephone>0700000000</Telephone>
        <Email>test@example.com</Email>
      </Contact>
      <BankAccount>
        <IBANNumber>RO49AAAA1B31007593840000</IBANNumber>
      </BankAccount>
    </Company>
    <DefaultCurrencyCode>RON</DefaultCurrencyCode>
    <SelectionCriteria>
      <PeriodStart>6</PeriodStart>
      <PeriodStartYear>2026</PeriodStartYear>
      <PeriodEnd>6</PeriodEnd>
      <PeriodEndYear>2026</PeriodEndYear>
    </SelectionCriteria>
    <HeaderComment>L</HeaderComment>
    <SegmentIndex>1</SegmentIndex>
    <TotalSegmentsInsequence>1</TotalSegmentsInsequence>
    <TaxAccountingBasis>A</TaxAccountingBasis>
  </Header>
  <MasterFiles>
    <GeneralLedgerAccounts>
      <Account>
        <AccountID>1012</AccountID>
        <AccountDescription>Capital subscris varsat</AccountDescription>
        <StandardAccountID>1012</StandardAccountID>
        <AccountType>Bifunctional</AccountType>
        <OpeningDebitBalance>0.00</OpeningDebitBalance>
        <ClosingDebitBalance>0.00</ClosingDebitBalance>
      </Account>
    </GeneralLedgerAccounts>
    <Customers>
      <Customer>
        <CompanyStructure>
          <RegistrationNumber>0099999909</RegistrationNumber>
          <Name>CLIENT TEST SRL</Name>
          <Address>
            <StreetName>Str. Client nr. 2</StreetName>
            <City>Bucuresti</City>
            <PostalCode>010102</PostalCode>
            <Country>RO</Country>
            <AddressType>StreetAddress</AddressType>
          </Address>
        </CompanyStructure>
        <CustomerID>0099999909</CustomerID>
        <AccountID>4111</AccountID>
        <OpeningDebitBalance>0.00</OpeningDebitBalance>
        <ClosingDebitBalance>0.00</ClosingDebitBalance>
      </Customer>
    </Customers>
    <Suppliers>
      <Supplier>
        <CompanyStructure>
          <RegistrationNumber>0099999909</RegistrationNumber>
          <Name>FURNIZOR TEST SRL</Name>
          <Address>
            <StreetName>Str. Furnizor nr. 3</StreetName>
            <City>Bucuresti</City>
            <PostalCode>010103</PostalCode>
            <Country>RO</Country>
            <AddressType>StreetAddress</AddressType>
          </Address>
        </CompanyStructure>
        <SupplierID>0099999909</SupplierID>
        <AccountID>401</AccountID>
        <OpeningCreditBalance>0.00</OpeningCreditBalance>
        <ClosingCreditBalance>0.00</ClosingCreditBalance>
      </Supplier>
    </Suppliers>
    <TaxTable>
      <TaxTableEntry>
        <TaxType>300</TaxType>
        <Description>TVA</Description>
        <TaxCodeDetails>
          <TaxCode>310309</TaxCode>
          <Description>Cota standard 19%</Description>
          <TaxPercentage>19.00</TaxPercentage>
          <BaseRate>1.00</BaseRate>
          <Country>RO</Country>
        </TaxCodeDetails>
      </TaxTableEntry>
    </TaxTable>
    <UOMTable>
      <UOMTableEntry>
        <UnitOfMeasure>H87</UnitOfMeasure>
        <Description>Bucata</Description>
      </UOMTableEntry>
    </UOMTable>
    <AnalysisTypeTable/>
    <MovementTypeTable/>
    <Products/>
    <Owners/>
    <Assets/>
  </MasterFiles>
  <GeneralLedgerEntries>
    <NumberOfEntries>1</NumberOfEntries>
    <TotalDebit>0.00</TotalDebit>
    <TotalCredit>0.00</TotalCredit>
    <Journal>
      <JournalID>1</JournalID>
      <Description>Jurnal general</Description>
      <Type>GL</Type>
      <Transaction>
        <TransactionID>1</TransactionID>
        <Period>6</Period>
        <PeriodYear>2026</PeriodYear>
        <TransactionDate>2026-06-30</TransactionDate>
        <SourceID>1</SourceID>
        <TransactionType>normal</TransactionType>
        <Description>Nota contabila test</Description>
        <SystemEntryDate>2026-06-30</SystemEntryDate>
        <GLPostingDate>2026-06-30</GLPostingDate>
        <CustomerID>0099999909</CustomerID>
        <SupplierID>0099999909</SupplierID>
        <TransactionLine>
          <RecordID>1</RecordID>
          <AccountID>1012</AccountID>
          <CustomerID>0099999909</CustomerID>
          <SupplierID>0099999909</SupplierID>
          <Description>Linie debit</Description>
          <DebitAmount>
            <Amount>0.00</Amount>
            <CurrencyCode>RON</CurrencyCode>
            <CurrencyAmount>0.00</CurrencyAmount>
          </DebitAmount>
          <TaxInformation>
            <TaxType>300</TaxType>
            <TaxCode>310309</TaxCode>
            <TaxAmount>
              <Amount>0.00</Amount>
              <CurrencyCode>RON</CurrencyCode>
              <CurrencyAmount>0.00</CurrencyAmount>
            </TaxAmount>
          </TaxInformation>
        </TransactionLine>
        <TransactionLine>
          <RecordID>2</RecordID>
          <AccountID>1012</AccountID>
          <CustomerID>0099999909</CustomerID>
          <SupplierID>0099999909</SupplierID>
          <Description>Linie credit</Description>
          <CreditAmount>
            <Amount>0.00</Amount>
            <CurrencyCode>RON</CurrencyCode>
            <CurrencyAmount>0.00</CurrencyAmount>
          </CreditAmount>
          <TaxInformation>
            <TaxType>300</TaxType>
            <TaxCode>310309</TaxCode>
            <TaxAmount>
              <Amount>0.00</Amount>
              <CurrencyCode>RON</CurrencyCode>
              <CurrencyAmount>0.00</CurrencyAmount>
            </TaxAmount>
          </TaxInformation>
        </TransactionLine>
      </Transaction>
    </Journal>
  </GeneralLedgerEntries>
  <SourceDocuments>
    <MovementOfGoods/>
  </SourceDocuments>
</AuditFile>
